<?xml version="1.0" encoding="UTF-8"?><collection xmlns="http://www.loc.gov/MARC21/slim"><record><leader>00353nam--2200121-i-4500</leader><controlfield tag="001">000048589</controlfield><controlfield tag="002">20161230</controlfield><controlfield tag="005">20161230201047</controlfield><controlfield tag="008">060222s1000------------r-----000-0-eng-d</controlfield><datafield ind1=" " ind2=" " tag="245"><subfield code="a">Radiation a</subfield></datafield><datafield ind1=" " ind2=" " tag="260"><subfield code="a">Nd Radioisotopes Applied To Insects Of Agricultural Importance</subfield></datafield><datafield ind1=" " ind2=" " tag="490"><subfield code="a">Vienna, Intern.Atomic Energy Agency, 1963, 508p</subfield></datafield><datafield ind1=" " ind2=" " tag="852"><subfield code="a">061.3:621.039.83</subfield></datafield></record></collection>